<?xml version="1.0" encoding="UTF-8"?><collection xmlns="http://www.loc.gov/MARC21/slim"><record><leader>00305nam--2200133-i-4500</leader><controlfield tag="001">000045711</controlfield><controlfield tag="002">20161230</controlfield><controlfield tag="005">20161230201045</controlfield><controlfield tag="008">060222s1000------------r-----000-0-eng-d</controlfield><datafield ind1=" " ind2=" " tag="080"><subfield code="a">621.372</subfield></datafield><datafield ind1=" " ind2=" " tag="100"><subfield code="a">Tropper,H</subfield></datafield><datafield ind1=" " ind2=" " tag="245"><subfield code="a">Electric circuit theory</subfield></datafield><datafield ind1=" " ind2=" " tag="260"><subfield code="a">London, Longmans, 1949. 164 P</subfield></datafield><datafield ind1=" " ind2=" " tag="852"><subfield code="a">919</subfield></datafield></record></collection>